<records xmlns="http://www.openarchives.org/OAI/2.0/">
<record>
  <header>
    <identifier>oai:mst.rochester.edu:marcnormalization/21</identifier>
    <datestamp />
    <predecessors>
      <predecessor>oai:mst.rochester.edu:21</predecessor>
    </predecessors>
    <setSpec>MARCXML Bibliographic Records</setSpec>
    <status>deleted</status>
  </header>
  <metadata>
    <marc:record xmlns:marc="http://www.loc.gov/MARC21/slim" xmlns:xsi="http://www.w3.org/2001/XMLSchema-instance" xsi:schemaLocation="http://www.loc.gov/MARC21/slim http://www.loc.gov/standards/marcxml/schema/MARC21slim.xsd">
      <marc:leader>01297cam a2200349 a 45 A</marc:leader>
      <marc:controlfield tag="001">1222801</marc:controlfield>
      <marc:controlfield tag="003">NRU</marc:controlfield>
      <marc:controlfield tag="005">20020219132717.0</marc:controlfield>
      <marc:controlfield tag="008">930317s1993    mdu      b   f001 0 eng</marc:controlfield>
      <marc:datafield ind1=" " ind2=" " tag="010">
        <marc:subfield code="a">93127790</marc:subfield>
      </marc:datafield>
      <marc:datafield ind1=" " ind2=" " tag="035">
        <marc:subfield code="a">(OCoLC)27853547</marc:subfield>
      </marc:datafield>
      <marc:datafield ind1=" " ind2=" " tag="035">
        <marc:subfield code="9">01173097</marc:subfield>
      </marc:datafield>
      <marc:datafield ind1=" " ind2=" " tag="040">
        <marc:subfield code="a">DLC</marc:subfield>
        <marc:subfield code="c">DLC</marc:subfield>
        <marc:subfield code="d">NLM</marc:subfield>
        <marc:subfield code="d">RNM</marc:subfield>
      </marc:datafield>
      <marc:datafield ind1=" " ind2=" " tag="049">
        <marc:subfield code="a">RNMM</marc:subfield>
      </marc:datafield>
      <marc:datafield ind1=" " ind2=" " tag="099">
        <marc:subfield code="a">Serial</marc:subfield>
      </marc:datafield>
      <marc:datafield ind1="0" ind2="0" tag="245">
        <marc:subfield code="a">Cataract in adults :</marc:subfield>
        <marc:subfield code="b">management of functional impairment /</marc:subfield>
        <marc:subfield code="c">Cataract Management Guideline Panel.</marc:subfield>
      </marc:datafield>
      <marc:datafield ind1=" " ind2=" " tag="260">
        <marc:subfield code="a">Rockville, Md. :</marc:subfield>
        <marc:subfield code="b">U.S. Dept. of Health and Human Services, Public Health Service, Agency for Health Care Policy and Research,</marc:subfield>
        <marc:subfield code="c">[1993]</marc:subfield>
      </marc:datafield>
      <marc:datafield ind1=" " ind2=" " tag="300">
        <marc:subfield code="a">xv, 226 p. ;</marc:subfield>
        <marc:subfield code="c">23 cm.</marc:subfield>
      </marc:datafield>
      <marc:datafield ind1="1" ind2=" " tag="490">
        <marc:subfield code="a">Clinical practice guideline ;</marc:subfield>
        <marc:subfield code="v">no. 4</marc:subfield>
      </marc:datafield>
      <marc:datafield ind1="1" ind2=" " tag="490">
        <marc:subfield code="a">AHCPR publication ;</marc:subfield>
        <marc:subfield code="v">no. 93-0542</marc:subfield>
      </marc:datafield>
      <marc:datafield ind1=" " ind2=" " tag="500">
        <marc:subfield code="a">"February 1993."</marc:subfield>
      </marc:datafield>
      <marc:datafield ind1=" " ind2=" " tag="504">
        <marc:subfield code="a">Includes bibliographical references (p. 135-160) and index.</marc:subfield>
      </marc:datafield>
      <marc:datafield ind1=" " ind2=" " tag="590">
        <marc:subfield code="a">Miner copy is shelved with the series Clinical practice guideline in the serial stacks.</marc:subfield>
      </marc:datafield>
      <marc:datafield ind1=" " ind2="2" tag="650">
        <marc:subfield code="a">Cataract Extraction</marc:subfield>
      </marc:datafield>
      <marc:datafield ind1=" " ind2="2" tag="650">
        <marc:subfield code="a">Cataract</marc:subfield>
      </marc:datafield>
      <marc:datafield ind1="2" ind2=" " tag="710">
        <marc:subfield code="a">Cataract Management Guideline Panel.</marc:subfield>
      </marc:datafield>
      <marc:datafield ind1="1" ind2=" " tag="710">
        <marc:subfield code="a">United States.</marc:subfield>
        <marc:subfield code="b">Agency for Health Care Policy and Research.</marc:subfield>
      </marc:datafield>
      <marc:datafield ind1=" " ind2="0" tag="830">
        <marc:subfield code="a">AHCPR (Series) ;</marc:subfield>
        <marc:subfield code="v">93-0542.</marc:subfield>
      </marc:datafield>
      <marc:datafield ind1=" " ind2="0" tag="830">
        <marc:subfield code="a">Clinical practice guideline ;</marc:subfield>
        <marc:subfield code="v">no. 4</marc:subfield>
      </marc:datafield>
      <marc:datafield ind1=" " ind2=" " tag="910">
        <marc:subfield code="a">951219</marc:subfield>
      </marc:datafield>
      <marc:datafield ind1=" " ind2=" " tag="911">
        <marc:subfield code="a">p</marc:subfield>
      </marc:datafield>
      <marc:datafield ind1=" " ind2=" " tag="966">
        <marc:subfield code="l">Ser*</marc:subfield>
        <marc:subfield code="m">MBDJ</marc:subfield>
        <marc:subfield code="s">W1 CL598 no.4 1993</marc:subfield>
      </marc:datafield>
      <marc:datafield tag="931" ind1=" " ind2=" ">
        <marc:subfield code="a">Text</marc:subfield>
        <marc:subfield code="5">NRU</marc:subfield>
      </marc:datafield>
      <marc:datafield tag="932" ind1=" " ind2=" ">
        <marc:subfield code="a">Language material</marc:subfield>
        <marc:subfield code="5">NRU</marc:subfield>
      </marc:datafield>
      <marc:datafield tag="933" ind1=" " ind2=" ">
        <marc:subfield code="a">Text</marc:subfield>
        <marc:subfield code="5">NRU</marc:subfield>
      </marc:datafield>
      <marc:datafield tag="935" ind1=" " ind2=" ">
        <marc:subfield code="a">Monograph/Item</marc:subfield>
        <marc:subfield code="5">NRU</marc:subfield>
      </marc:datafield>
      <marc:datafield tag="035" ind1=" " ind2=" ">
        <marc:subfield code="a">(NRU)1222801</marc:subfield>
      </marc:datafield>
      <marc:datafield tag="937" ind1=" " ind2=" ">
        <marc:subfield code="a">Non-Fiction</marc:subfield>
        <marc:subfield code="5">NRU</marc:subfield>
      </marc:datafield>
      <marc:datafield tag="941" ind1=" " ind2=" ">
        <marc:subfield code="a">eng</marc:subfield>
        <marc:subfield code="5">NRU</marc:subfield>
      </marc:datafield>
      <marc:datafield tag="943" ind1=" " ind2=" ">
        <marc:subfield code="a">English</marc:subfield>
        <marc:subfield code="5">NRU</marc:subfield>
      </marc:datafield>
      <marc:datafield tag="130" ind1="0" ind2=" ">
        <marc:subfield code="a">Cataract in adults :</marc:subfield>
      </marc:datafield>
    </marc:record>
  </metadata>
</record>
</records>
